<record><leader>00000cas a22000007a 4500</leader><controlfield tag="001">13477448</controlfield><controlfield tag="008">860422c19079999iauwr ne      0    0eng d</controlfield><datafield ind1=" " ind2=" " tag="010"><subfield code="a">sn 86060042 </subfield></datafield><datafield ind1=" " ind2=" " tag="040"><subfield code="a">INP</subfield><subfield code="b">eng</subfield><subfield code="c">INP</subfield><subfield code="d">OCLCQ</subfield></datafield><datafield ind1=" " ind2=" " tag="042"><subfield code="a">msc</subfield></datafield><datafield ind1="0" ind2="0" tag="245"><subfield code="a">Mount Ayr record-news.</subfield></datafield><datafield ind1="3" ind2="0" tag="246"><subfield code="a">Record-news</subfield></datafield><datafield ind1=" " ind2=" " tag="260"><subfield code="a">Mount Ayr, Iowa :</subfield><subfield code="b">Tedford &amp; Spurrier,</subfield><subfield code="c">1907-</subfield></datafield><datafield ind1=" " ind2=" " tag="300"><subfield code="a">v. :</subfield><subfield code="b">ill.</subfield></datafield><datafield ind1=" " ind2=" " tag="310"><subfield code="a">Weekly,</subfield><subfield code="b">June 28, 1916-</subfield></datafield><datafield ind1=" " ind2=" " tag="321"><subfield code="a">Semiweekly,</subfield><subfield code="b">Mar. 5, 1907-June 23, 1916</subfield></datafield><datafield ind1="0" ind2=" " tag="362"><subfield code="a">Vol. 42, no. 1 (Mar. 5, 1907)-</subfield></datafield><datafield ind1=" " ind2=" " tag="500"><subfield code="a">Includes weekly section called: Redding department, Sept. 13, 1912-Mar. 7, 1913.</subfield></datafield><datafield ind1=" " ind2=" " tag="500"><subfield code="a">Publisher varies.</subfield></datafield><datafield ind1=" " ind2=" " tag="515"><subfield code="a">Occasional errors in numbering.</subfield></datafield><datafield ind1=" " ind2=" " tag="525"><subfield code="a">Includes occasional supplements.</subfield></datafield><datafield ind1="0" ind2=" " tag="730"><subfield code="a">Redding department.</subfield></datafield><datafield ind1=" " ind2=" " tag="752"><subfield code="a">United States</subfield><subfield code="b">Iowa</subfield><subfield code="c">Ringgold</subfield><subfield code="d">Mount Ayr.</subfield></datafield><datafield ind1=" " ind2=" " tag="752"><subfield code="a">United States</subfield><subfield code="b">Iowa</subfield><subfield code="c">Ringgold</subfield><subfield code="d">Redding.</subfield></datafield><datafield ind1="0" ind2="4" tag="780"><subfield code="t">Ringgold record (Mount, Ayr, Iowa)</subfield><subfield code="w">(DLC)sn 84038346</subfield></datafield><datafield ind1="0" ind2="4" tag="780"><subfield code="t">Twice-a-week news</subfield><subfield code="w">(DLC)sn 86060038</subfield></datafield><datafield ind1="1" ind2=" " tag="029"><subfield code="a">AU@</subfield><subfield code="b">000025807897</subfield></datafield></record>